<?xml version="1.0" encoding="UTF-8"?><collection xmlns="http://www.loc.gov/MARC21/slim"><record><leader>00743nam--2200253-u-4500</leader><controlfield tag="001">000050420</controlfield><controlfield tag="002">20161230</controlfield><controlfield tag="003">81824</controlfield><controlfield tag="005">20161230201048</controlfield><controlfield tag="008">070315s1000------------r-----000-0-eng-d</controlfield><datafield ind1=" " ind2=" " tag="020"><subfield code="a">3-540-23773-9</subfield></datafield><datafield ind1=" " ind2=" " tag="040"><subfield code="a">IFIN-HH</subfield></datafield><datafield ind1=" " ind2=" " tag="041"><subfield code="a">eng</subfield></datafield><datafield ind1=" " ind2=" " tag="080"><subfield code="a">530.16:001.1:001.2</subfield></datafield><datafield ind1="1" ind2=" " tag="100"><subfield code="a">McDaniel,R.R.Jr,</subfield></datafield><datafield ind1="1" ind2="0" tag="245"><subfield code="a">Uncertainty and Surprise in Complex Systems</subfield><subfield code="b">Questions on Working with the Unexpected</subfield><subfield code="c">R.R. McDaniel, Jr.; D.J. Driebe (Eds.)</subfield></datafield><datafield ind1=" " ind2=" " tag="260"><subfield code="a">Berlin</subfield><subfield code="b">Springer-Verlag</subfield><subfield code="c">2005</subfield></datafield><datafield ind1=" " ind2=" " tag="300"><subfield code="a">200 p</subfield></datafield><datafield ind1=" " ind2=" " tag="490"><subfield code="a">Understanding Complex Systems</subfield></datafield><datafield ind1=" " ind2=" " tag="504"><subfield code="a">With 28 figures and 8 tables</subfield></datafield><datafield ind1="2" ind2=" " tag="650"><subfield code="a">Complex Systems</subfield></datafield><datafield ind1="1" ind2=" " tag="700"><subfield code="a">Driebe, D.J</subfield><subfield code="e">Ed</subfield></datafield><datafield ind1=" " ind2=" " tag="852"><subfield code="a">81824</subfield><subfield code="c">530.161</subfield></datafield><datafield ind1=" " ind2=" " tag="CAT"><subfield code="a">Sys</subfield><subfield code="c">20110328</subfield><subfield code="h">121647</subfield></datafield></record></collection>